@article{einstein,
    author =       "Albert Einstein",
    title =        "{Zur Elektrodynamik bewegter K{\"o}rper}. ({German})
        [{On} the electrodynamics of moving bodies]",
    journal =      "Annalen der Physik",
    volume =       "322",
    number =       "10",
    pages =        "891--921",
    year =         "1905",
    DOI =          "http://dx.doi.org/10.1002/andp.19053221004"
}
 
@book{latexcompanion,
    author    = "Michel Goossens and Frank Mittelbach and Alexander Samarin",
    title     = "The \LaTeX\ Companion",
    year      = "1993",
    publisher = "Addison-Wesley",
    address   = "Reading, Massachusetts"
}
 
@misc{knuthwebsite,
    author    = "Donald Knuth",
    title     = "Knuth: Computers and Typesetting",
    url       = "http://www-cs-faculty.stanford.edu/\~{}uno/abcde.html"
}

@misc{qqicomputing,
    author    = "Quality and Qualifications Ireland",
    title     = "Award Standards -- Computing",
    howpublished = "\\ \url{http://www.qqi.ie/Publications/Computing%20-%20QQI%20Awards%20Standards.pdf}"
}

@misc{gowebapp,
    author    = "Writing Web Applications",
    title     = "Google Inc.",
     howpublished = "\\ \url{https://golang.org/doc/articles/wiki/}"
}

@misc{golang,
    author    = "Google Inc.",
    title     = "The Go Programming Language",
     howpublished = "\\ \url{https://golang.org/}"
}

@misc{paulgrahammistakes,
    author    = "Paul Graham",
    title     = "The 18 Mistakes That Kill Startups",
     howpublished = "\\ \url{http://paulgraham.com/startupmistakes.html}"
}



